<?xml version="1.0" encoding="UTF-8"?><collection xmlns="http://www.loc.gov/MARC21/slim"><record><leader>00581nam--2200193-u-4500</leader><controlfield tag="001">000054109</controlfield><controlfield tag="002">20161230</controlfield><controlfield tag="005">20161230201051</controlfield><controlfield tag="008">110803s1000------------r-----000-0-rum-d</controlfield><datafield ind1=" " ind2=" " tag="040"><subfield code="a">9739885748</subfield></datafield><datafield ind1=" " ind2=" " tag="041"><subfield code="a">rum</subfield></datafield><datafield ind1=" " ind2=" " tag="080"><subfield code="a">539.2</subfield></datafield><datafield ind1="1" ind2=" " tag="100"><subfield code="a">Halmagean, Eugenia</subfield></datafield><datafield ind1="1" ind2="0" tag="245"><subfield code="a">Materiale si diapozitive semiconductoare pe baza de siliciu cu aplicatii in detectia radiatiilor nucleare</subfield><subfield code="c">Eugenia halmagean, delia wagner</subfield></datafield><datafield ind1=" " ind2=" " tag="260"><subfield code="a">Bucuresti</subfield><subfield code="b">Editura Man-dely</subfield><subfield code="c">2000</subfield></datafield><datafield ind1=" " ind2=" " tag="300"><subfield code="a">155P</subfield></datafield><datafield ind1="1" ind2=" " tag="700"><subfield code="a">Wagner, Delia</subfield></datafield><datafield ind1=" " ind2=" " tag="852"><subfield code="a">81245</subfield><subfield code="c">537.311.33</subfield></datafield><datafield ind1=" " ind2=" " tag="CAT"><subfield code="a">Sys</subfield><subfield code="c">20110803</subfield><subfield code="h">090627</subfield></datafield></record></collection>